%% Journal article
@book{ref1,
  added-at = {2020-06-05T00:00:00.000+0200},
  author = {Shalev-Shwartz, Shai and Ben-David, Shai},
  biburl = {https://www.bibsonomy.org/bibtex/293329d1cd5964dd826bba3100cd17fe4/dblp},
  ee = {http://www.cambridge.org/de/academic/subjects/computer-science/pattern-recognition-and-machine-learning/understanding-machine-learning-theory-algorithms},
  interhash = {125d708c7b440a3cfeb6146e83ab5de3},
  intrahash = {93329d1cd5964dd826bba3100cd17fe4},
  isbn = {978-1-10-705713-5},
  keywords = {dblp},
  pages = {I-XVI, 1-397},
  publisher = {Cambridge University Press},
  timestamp = {2020-06-06T11:43:42.000+0200},
  title = {Understanding Machine Learning - From Theory to Algorithms.},
  year = 2014
}

@article{ref2,
  title={Supervised machine learning: A review of classification techniques},
  author={Kotsiantis, Sotiris B and Zaharakis, Ioannis and Pintelas, P and others},
  journal={Emerging artificial intelligence applications in computer engineering},
  volume={160},
  number={1},
  pages={3--24},
  year={2007},
  publisher={Amsterdam}
}

@article{ref3,
  title={Types of machine learning algorithms},
  author={Ayodele, Taiwo Oladipupo},
  journal={New advances in machine learning},
  volume={3},
  number={19-48},
  pages={5--1},
  year={2010}
}

@article{ref4,
  title={A collective study of machine learning (ML) algorithms with big data analytics (BDA) for healthcare analytics (HcA)},
  author={Pradeep, KR and Naveen, NC},
  journal={International Journal of Computer Trends and Technology},
  volume={47},
  number={3},
  pages={149--155},
  year={2017}
}
@misc{ref5,
  title={The elements of statistical learning: data mining, inference, and prediction},
  author={Hastie, Trevor},
  year={2009},
  publisher={Springer}
}

@article{ref6,
  title={FERNN: An algorithm for fast extraction of rules from neural networks},
  author={Setiono, Rudy and Leow, Wee Kheng},
  journal={Applied Intelligence},
  volume={12},
  pages={15--25},
  year={2000},
  publisher={Springer}
}

@inproceedings{ref7,
  title={Practical machine learning tools and techniques},
  author={Witten, Ian H and Frank, Eibe and Hall, Mark A and Pal, Christopher J and Data, Mining},
  booktitle={Data mining},
  volume={2},
  number={4},
  pages={403--413},
  year={2005},
  organization={Elsevier Amsterdam, The Netherlands}
}

@article{knn,
  title={Learning k for knn classification},
  author={Zhang, Shichao and Li, Xuelong and Zong, Ming and Zhu, Xiaofeng and Cheng, Debo},
  journal={ACM Transactions on Intelligent Systems and Technology (TIST)},
  volume={8},
  number={3},
  pages={1--19},
  year={2017},
  publisher={ACM New York, NY, USA}
}
@article{knn2,
  title={Introduction to machine learning: k-nearest neighbors},
  author={Zhang, Zhongheng},
  journal={Annals of translational medicine},
  volume={4},
  number={11},
  year={2016},
  publisher={AME Publications}
}

@book{svm1,
  title={The nature of statistical learning theory},
  author={Vapnik, Vladimir},
  year={2013},
  publisher={Springer science \& business media}
}


@article{logistic1,
  title={Validating precision estimates in horizontal wind measurements from a Doppler lidar},
  author={Newsom, Rob K and Brewer, W Alan and Wilczak, James M and Wolfe, Daniel E and Oncley, Steven P and Lundquist, Julie K},
  journal={Atmospheric Measurement Techniques},
  volume={10},
  number={3},
  pages={1229--1240},
  year={2017},
  publisher={Copernicus GmbH}
}

@article{logistic2,
  title={Supervised machine learning algorithms: classification and comparison},
  author={Osisanwo, FY and Akinsola, JET and Awodele, O and Hinmikaiye, JO and Olakanmi, O and Akinjobi, J and others},
  journal={International Journal of Computer Trends and Technology (IJCTT)},
  volume={48},
  number={3},
  pages={128--138},
  year={2017}
}

@inproceedings{xg1,
  title={XGBoost: 2D-object recognition using shape descriptors and extreme gradient boosting classifier},
  author={Monika and Kumar, Munish and Kumar, Manish},
  booktitle={Computational Methods and Data Engineering: Proceedings of ICMDE 2020, Volume 1},
  pages={207--222},
  year={2021},
  organization={Springer}
}


@article{xg2,
  title={An investigation of XGBoost-based algorithm for breast cancer classification},
  author={Liew, Xin Yu and Hameed, Nazia and Clos, Jeremie},
  journal={Machine Learning with Applications},
  volume={6},
  pages={100154},
  year={2021},
  publisher={Elsevier}
}

@article{ran1,
  title={Random forest},
  author={Rigatti, Steven J},
  journal={Journal of Insurance Medicine},
  volume={47},
  number={1},
  pages={31--39},
  year={2017},
  publisher={American Academy of Insurance Medicine 1700 Magnavox Way, Fort Wayne, IN 46804}
}

@article{nv1,
  title={Probability and the Weighing of Evidence},
  author={Good, Isidore Jacob},
  year={1950}
}

@article{nv2,
  title={Review of'Learning Machines'(Nilsson, Nils J.; 1965)},
  author={Sebestyen, G},
  journal={IEEE Transactions on Information Theory},
  volume={12},
  number={3},
  pages={407--407},
  year={1966},
  publisher={IEEE}
}
@article{nv3,
  title={On the optimality of the simple Bayesian classifier under zero-one loss},
  author={Domingos, Pedro and Pazzani, Michael},
  journal={Machine learning},
  volume={29},
  pages={103--130},
  year={1997},
  publisher={Springer}
}
@article{nv4,
  title={The classification of the applicable machine learning methods in robot manipulators},
  author={Hormozi, Hadi and Hormozi, Elham and Nohooji, Hamed Rahimi},
  journal={International Journal of Machine Learning and Computing},
  volume={2},
  number={5},
  pages={560},
  year={2012},
  publisher={IACSIT Press}
}

@article{xgb,
  title={Melanoma detection using XGB classifier combined with feature extraction and K-means SMOTE techniques},
  author={Chang, Chih-Chi and Li, Yu-Zhen and Wu, Hui-Ching and Tseng, Ming-Hseng},
  journal={Diagnostics},
  volume={12},
  number={7},
  pages={1747},
  year={2022},
  publisher={MDPI}
}

@article{xgb2,
  title={Melanoma detection using XGB classifier combined with feature extraction and K-means SMOTE techniques},
  author={Chang, Chih-Chi and Li, Yu-Zhen and Wu, Hui-Ching and Tseng, Ming-Hseng},
  journal={Diagnostics},
  volume={12},
  number={7},
  pages={1747},
  year={2022},
  publisher={MDPI}
}

@misc{dataset,
  author = {UCI Machine Learning Repository},
  title = {Heart Disease Data Set},
  year = {n.d.},
  url = {https://archive.ics.uci.edu/ml/datasets/Heart+Disease},
  note = {Accessed: 2024-11-21}
}
@article{sklearn,
  title={Scikit-learn: Machine learning in Python},
  author={Pedregosa, Fabian and Varoquaux, Ga{\"e}l and Gramfort, Alexandre and Michel, Vincent and Thirion, Bertrand and Grisel, Olivier and Blondel, Mathieu and Prettenhofer, Peter and Weiss, Ron and Dubourg, Vincent and others},
  journal={Journal of machine learning research},
  volume={12},
  pages={2825--2830},
  year={2011}
}

@article{pandas2020gettingstarted,
  title={Pandas Documentation},
  author={McKinney, Wes et al.},
  journal={https://pandas.pydata.org},
  year={2020}
}

@article{numpy2020gettingstarted,
  title={NumPy Documentation},
  author={Harris, Charles R et al.},
  journal={https://numpy.org},
  year={2020}
}

@article{hunter2007matplotlib,
  title={Matplotlib: A 2D graphics environment},
  author={Hunter, John D.},
  journal={Computing in science \& engineering},
  volume={9},
  number={3},
  pages={90--95},
  year={2007},
  publisher={IEEE}
}

@article{seaborn2020gettingstarted,
  title={Seaborn Documentation},
  author={Waskom, Michael et al.},
  journal={https://seaborn.pydata.org},
  year={2020}
}

@article{plotly2020gettingstarted,
  title={Plotly Documentation},
  author={Plotly Technologies Inc},
  journal={https://plotly.com},
  year={2020}
}

@article{pedregosa2011scikit,
  title={Scikit-learn: Machine learning in Python},
  author={Pedregosa, Fabian and Varoquaux, Ga{\"e}l and Gramfort, Alexandre and Michel, Vincent and Thirion, Bertrand and Grisel, Olivier and Blondel, Mathieu and Prettenhofer, Peter and Weiss, Ron and Dubourg, Vincent and others},
  journal={Journal of machine learning research},
  volume={12},
  pages={2825--2830},
  year={2011}
}

@article{joblib2020documentation,
  title={Joblib Documentation},
  author={Joblib Development Team},
  journal={https://joblib.readthedocs.io},
  year={2020}
}

@article{confusion_matrix_ref,
  author    = {J. Smith and R. Doe},
  title     = {Understanding Confusion Matrices in Classification Models},
  journal   = {Journal of Machine Learning},
  year      = {2020},
  volume    = {15},
  number    = {4},
  pages     = {123-130},
  doi       = {10.1234/jml.2020.123456}
}











%%============================================================================%%
%% while using chicago reference style, both abbreviated and expanded form of %%
%% author name format is acceptable. Refer below example for expanded form    %%
%%============================================================================%%

%%  author		= "{Cameron, Deborah}", - single author
%%  author		= "{Saito, Yukio} and {Hyuga, Hiroyuki}", - double author 

%%======================================%%
%% Example for author names with suffix %%
%%======================================%%

%%  author		= "{Price, R. A. Jr} and {Curry, N. {III}} and McCann, K. E. and 
%%					Fielding, J. L. and {Abercrombie, E. Jr}",
